@misc{ rieger,
  author = "Heiko Rieger",
  title = "Kinetic Monte Carlo",
  type = "Slides",
  url = "https://www.uni-oldenburg.de/fileadmin/user_upload/physik/ag/compphys/download/Alexander/dpg_school/talk-rieger.pdf",
  year = "2012"}
